<record><leader>00000cas a22000007a 4500</leader><controlfield tag="001">30630106</controlfield><controlfield tag="008">940620u1943uuuuazuwr ne      0    0eng d</controlfield><datafield ind1=" " ind2=" " tag="010"><subfield code="a">sn 95060650 </subfield></datafield><datafield ind1=" " ind2=" " tag="040"><subfield code="a">ANN</subfield><subfield code="b">eng</subfield><subfield code="c">ANN</subfield><subfield code="d">OCLCQ</subfield><subfield code="d">OCLCO</subfield></datafield><datafield ind1="1" ind2=" " tag="029"><subfield code="a">AU@</subfield><subfield code="b">000012176266</subfield></datafield><datafield ind1=" " ind2=" " tag="042"><subfield code="a">msc</subfield></datafield><datafield ind1=" " ind2=" " tag="043"><subfield code="a">n-us-az</subfield><subfield code="a">n-us---</subfield></datafield><datafield ind1="0" ind2=" " tag="130"><subfield code="a">Wildcat (Camp Horn, Ariz.)</subfield></datafield><datafield ind1="1" ind2="4" tag="245"><subfield code="a">The Wildcat.</subfield></datafield><datafield ind1=" " ind2=" " tag="260"><subfield code="a">Camp Horn, Ariz. :</subfield><subfield code="b">Public Affairs Office, 81st Infantry Division,</subfield><subfield code="c">1943-</subfield></datafield><datafield ind1=" " ind2=" " tag="300"><subfield code="a">v. :</subfield><subfield code="b">ill.</subfield></datafield><datafield ind1="0" ind2=" " tag="362"><subfield code="a">Vol. 1, no. 1 (June 30, 1943)-</subfield></datafield><datafield ind1=" " ind2="0" tag="650"><subfield code="a">Military newspapers</subfield><subfield code="z">Camp Horn (Ariz.)</subfield></datafield><datafield ind1="1" ind2="0" tag="610"><subfield code="a">United States.</subfield><subfield code="b">Army.</subfield><subfield code="b">Infantry Division, 81st.</subfield></datafield><datafield ind1=" " ind2="4" tag="651"><subfield code="a">Camp Horn (Ariz.)</subfield><subfield code="v">Newspapers.</subfield></datafield><datafield ind1=" " ind2=" " tag="752"><subfield code="a">United States</subfield><subfield code="b">Arizona</subfield><subfield code="c">Maricopa</subfield><subfield code="d">Camp Horn.</subfield></datafield></record>